<?xml version="1.0" encoding="UTF-8"?><collection xmlns="http://www.loc.gov/MARC21/slim"><record><leader>00683nam--2200193-i-4500</leader><controlfield tag="001">000004594</controlfield><controlfield tag="002">20161230</controlfield><controlfield tag="005">20161230201026</controlfield><controlfield tag="008">060222s1000------------r-----000-0-rus-d</controlfield><datafield ind1=" " ind2=" " tag="040"><subfield code="a">IFIN-HH</subfield></datafield><datafield ind1=" " ind2=" " tag="041"><subfield code="a">rus</subfield></datafield><datafield ind1=" " ind2=" " tag="080"><subfield code="a">539.107</subfield></datafield><datafield ind1="1" ind2=" " tag="100"><subfield code="a">Snell, Arthur H</subfield></datafield><datafield ind1="1" ind2="0" tag="245"><subfield code="a">Pribori dlia registratii iadernih izlucenii i ih primenenie</subfield><subfield code="c">Arthur h. snell (ed.)</subfield></datafield><datafield ind1=" " ind2=" " tag="260"><subfield code="a">Moskva</subfield><subfield code="b">Atomizdat</subfield><subfield code="c">1965</subfield></datafield><datafield ind1=" " ind2=" " tag="300"><subfield code="a">464P</subfield></datafield><datafield ind1=" " ind2=" " tag="500"><subfield code="a">Titlul Original In Limba Engleza: Nuclear Instruments And Their Uses Volume I Ionization Detectors, Scintillators, Cerenkov Counters, Amplifiers: Assay, Dosimetry, Health Physics</subfield></datafield><datafield ind1=" " ind2=" " tag="852"><subfield code="a">22633</subfield><subfield code="c">539.1.07:539.1.08</subfield></datafield><datafield ind1=" " ind2=" " tag="CAT"><subfield code="a">Sys</subfield><subfield code="c">20111019</subfield><subfield code="h">103359</subfield></datafield></record></collection>